@article{BisschopAIMMSTricks,
    title = {{AIMMS Modeling Guide - Integer Programming Tricks}},
    author = {Bisschop, JJ},
    url = {www.aimms.com},
    keywords = {Mathematical Programming, Modeling Guide, Operations Research, Optimization Modeling}
}

@article{BloodSubstitutions,
    title = {{Blood bank inventory control with transshipment and substitutions}}
}

@article{Bley2009ComparingScheduling,
    title = {{Comparing MIQCP solvers to a specialised algorithm for mine production scheduling}},
    year = {2009},
    author = {Bley, Andreas and Gleixner, Ambros M and Koch, Thorsten and Vigerske, Stefan}
}

@article{Armony2004ContactInformation,
    title = {{Contact Centers with a Call-Back Option and Real-Time Delay Information}},
    year = {2004},
    journal = {Operations Research},
    author = {Armony, Mor and Maglaras, Constantinos},
    number = {4},
    pages = {527--545},
    volume = {52},
    keywords = {Halfin-Whitt regime, Subject classifications, call centers, call-back option, multiclass queueing systems, real-time delay notification, service level guarantees, service networks}
}

@article{Whitt1999DynamicCalls,
    title = {{Dynamic staffing in a telephone call center aiming to immediately answer all calls}},
    year = {1999},
    journal = {Operations Research Letters},
    author = {Whitt, Ward},
    pages = {205--212},
    volume = {24},
    keywords = {Forecasting, In{\"{y}}nite-server models, Nonstationary queues, Operator staang, Predicting remaining call holding times, Server staang, Telephone call centers}
}

@misc{WhittHalfinWW1981.pdf,
    title = {{HalfinWW1981.pdf}},
    author = {Whitt, Ward}
}

@article{Halfin1981Heavy-TrafficServers.,
    title = {{Heavy-Traffic Limits for Queues with Many Exponential Servers.}},
    year = {1981},
    journal = {Operations Research},
    author = {Halfin, Shlomo and Whitt, Ward},
    number = {3},
    volume = {29},
    doi = {10.1287/opre.29.3.567}
}

@article{Schwarz2006M/M/1Inventory,
    title = {{M/M/1 Queueing systems with inventory}},
    year = {2006},
    journal = {Queueing Systems},
    author = {Schwarz, Maike and Sauer, Cornelia and Daduna, Hans and Kulik, Rafal and Szekli, Ryszard},
    pages = {55--78},
    volume = {54},
    doi = {10.1007/s11134-006-8710-5},
    issn = {02570130},
    keywords = {Convex ordering, Inventory level, Inventory policy, Inventory systems, Performance analysis, Queue lengths, Queueing systems, Service level, Stationary distribution}
}

@article{Ibrahim2018ManagingImpatient,
    title = {{Managing Queueing Systems Where Capacity is Random and Customers are Impatient}},
    year = {2018},
    journal = {Production and Operations Management},
    author = {Ibrahim, Rouba},
    doi = {10.1111/poms.12796},
    issn = {19375956},
    keywords = {abandonment, delay announcements, many-server queues, sharing economy}
}

@article{Kostami2009ManagingAbandonment,
    title = {{Managing Service Systems with an Offline Waiting Option and Customer Abandonment}},
    year = {2009},
    journal = {Manufacturing {\&} Service Operations Management},
    author = {Kostami, Vasiliki and Ward, Amy R.},
    isbn = {15234614},
    doi = {10.1287/msom.1080.0244},
    issn = {1523-4614},
    pmid = {47693431}
}

@article{AtaManagingUncertainty,
    title = {{Managing the Callback Option under Arrival Rate Uncertainty}},
    author = {Ata, Baris and Peng, Xiaoshan},
}

@article{Maglaras2004MathematicsLevels,
    title = {{Mathematics of Operations Research Diffusion Approximations for a Multiclass Markovian Service System with " Guaranteed " and " Best-Effort " Service Levels Diffusion Approximations for a Multiclass Markovian Service System with " Guaranteed " and " Best-Effort " Service Levels}},
    year = {2004},
    journal = {Mathematics of Operations Research},
    author = {Maglaras, Constantinos and Zeevi, Assaf},
    number = {4},
    pages = {786--813},
    volume = {29},
    doi = {10.1287/moor.1040.0090},
    keywords = {Halfin-Whitt regime, differentiated services, diffusion approximations, many server limits, parameter perturbations, service systems, shared resources, static priorities}
}

@incollection{Bussieck2011MINLPSoftware,
    title = {{MINLP Solver Software}},
    year = {2011},
    booktitle = {Wiley Encyclopedia of Operations Research and Management Science},
    author = {Bussieck, Michael R. and Vigerske, Stefan},
    isbn = {9780470400630},
    doi = {10.1002/9780470400531.eorms0527}
}

@article{Avramidis2004ModelingCenter,
    title = {{Modeling Daily Arrivals to a Telephone Call Center}},
    year = {2004},
    journal = {Management Science},
    author = {Avramidis, Athanassios N and Deslauriers, Alexandre and Ecuyer, Pierre L ' and L 'ecuyer, Pierre},
    number = {7},
    pages = {896--908},
    volume = {50},
    doi = {10.1287/mnsc.1040.0236},
    keywords = {Accepted by Paul Glasserman, arrival process, call center, correlation History, doubly stochastic Poisson process, input modeling, multivariate distribution, stochastic models and simulation}
}

@article{Armony2004OnDesign,
    title = {{On Customer Contact Centers with a Call-Back Option: Customer Decisions, Routing Rules, and System Design}},
    year = {2004},
    journal = {Operations Research},
    author = {Armony, Mor and Maglaras, Constantinos},
    isbn = {0030364X},
    doi = {10.1287/opre.1030.0088},
    issn = {0030-364X}
}

@article{Armony2004OnDesignb,
    title = {{On Customer Contact Centers with a Call-Back Option: Customer Decisions, Routing Rules, and System Design}},
    year = {2004},
    journal = {Operations Research},
    author = {Armony, Mor and Maglaras, Constantinos},
    isbn = {0030364X},
    doi = {10.1287/opre.1030.0088},
    issn = {0030-364X}
}

@article{Armony2004OnDesignc,
    title = {{On Customer Contact Centers with a Call-Back Option: Customer Decisions, Routing Rules, and System Design}},
    year = {2004},
    journal = {Operations Research},
    author = {Armony, Mor and Maglaras, Constantinos},
    isbn = {0030364X},
    doi = {10.1287/opre.1030.0088},
    issn = {0030-364X}
}

@article{Bassamboo2010OnQueuei,
    title = {{On the Accuracy of Fluid Models for Capacity Sizing in Queueing Systems with Impatient Customers On the Accuracy of Fluid Models for Capacity Sizing in Queueing Systems with Impatient Customers On the Accuracy of Fluid Models for Capacity Sizing in Queuei}},
    year = {2010},
    journal = {Operations Research},
    author = {Bassamboo, Achal and Randhawa, Ramandeep S},
    number = {5},
    pages = {1398--1413},
    volume = {58},
    doi = {10.1287/opre.1100.0815},
    keywords = {Stochastic Models History, Subject classifications, approximations, balking and reneging, capacity sizing, fluid approximation Area of review, impatient customers, limit theorems, order-1 accuracy, queues}
}

@article{Legros2016OptimalOption,
    title = {{Optimal scheduling in call centers with a callback option}},
    year = {2016},
    journal = {Performance Evaluation},
    author = {Legros, Benjamin and Jouini, Oualid and Koole, Ger},
    doi = {10.1016/j.peva.2015.09.002},
    issn = {01665316},
    keywords = {Call centers, Callback option, Markov chains, Markov decision processes, Queueing systems, Routing optimization}
}

@article{Gans2015ParametricScheduling,
    title = {{Parametric Forecasting and Stochastic Programming Models for Call-Center Workforce Scheduling}},
    year = {2015},
    journal = {Manufacturing {\&} Service Operations Management},
    author = {Gans, Noah and Shen, Haipeng and Zhou, Yong-Pin and Korolev, Nikolay and McCord, Alan and Ristock, Herbert},
    number = {4},
    pages = {571--588},
    volume = {17},
    doi = {10.1287/msom.2015.0546},
    issn = {1523-4614},
    keywords = {call-center management, distributional, forecast updating, production planning and scheduling, service operations, stochastic programming with recourse}
}

@article{Perishable_products,
    title = {{perishable{\_}products}}
}

@article{Linderoth2005ReviewModeling,
    title = {{Review Combinatorial Optimization Problems Special Ordered Sets " Algorithmic " Modeling IE418: Integer Programming Jeff Linderoth IE418 Integer Programming Review Combinatorial Optimization Problems Special Ordered Sets " Algorithmic " Modeling}},
    year = {2005},
    author = {Linderoth, Jeff and â‰¤, Gy}
}

@article{RR-0094,
    title = {{RR-0094}}
}

@article{Mandelbaum2005The,
    title = {{The Palm/Erlang-A Queue, with Applications to Call Centers *}},
    year = {2005},
    author = {Mandelbaum, Avishai and Zeltyn, Sergey}
}

@article{Mandelbaum2005Theb,
    title = {{The Palm/Erlang-A Queue, with Applications to Call Centers *}},
    year = {2005},
    author = {Mandelbaum, Avishai and Zeltyn, Sergey}
}

@article{Whitt2005TwoAbandonments,
    title = {{Two fluid approximations for multi-server queues with abandonments}},
    year = {2005},
    journal = {Operations Research Letters},
    author = {Whitt, Ward},
    number = {1},
    pages = {363--372},
    volume = {33},
    doi = {10.1016/j.orl.2004.09.002},
    issn = {01676377},
    keywords = {Call centers, Diffusion approximations, Fluid limits, Heavy-traffic limits, Multi-server queues with abandonment, Queues with state-dependent rates}
}

@article{Whitt1999UsingService,
    title = {{Using different response-time requirements to smooth time-varying demand for service}},
    year = {1999},
    journal = {Operations Research Letters},
    author = {Whitt, Ward},
    doi = {10.1016/S0167-6377(99)00006-1},
    issn = {01676377}
}
@article{bassamboo2010accuracy,
  title={On the accuracy of fluid models for capacity sizing in queueing systems with impatient customers},
  author={Bassamboo, Achal and Randhawa, Ramandeep S},
  journal={Operations research},
  volume={58},
  number={5},
  pages={1398--1413},
  year={2010},
  publisher={INFORMS}
}
@article{zeltyn2005call,
  title={Call centers with impatient customers: many-server asymptotics of the ${M/M/n+ G}$ queue},
  author={Zeltyn, Sergey and Mandelbaum, Avishai},
  journal={Queueing Systems},
  volume={51},
  number={3-4},
  pages={361--402},
  year={2005},
  publisher={Springer}
}
@article{ward2005diffusion,
  title={A diffusion approximation for a ${GI/GI/1}$ queue with balking or reneging},
  author={Ward, Amy R and Glynn, Peter W},
  journal={Queueing Systems},
  volume={50},
  number={4},
  pages={371--400},
  year={2005},
  publisher={Springer}
}
@misc{cudina2006asymptotically,
  title={Asymptotically optimal control for some time-varying stochastic networks},
  author={Cudina, Milica},
  journal={Dissertation Abstracts International},
  volume={68},
  number={02},
  year={2006}
}
@article{koccauga2010admission,
  title={Admission control for a multi-server queue with abandonment},
  author={Ko{\c{c}}a{\u{g}}a, Ya{\c{s}}ar Levent and Ward, Amy R},
  journal={Queueing Systems},
  volume={65},
  number={3},
  pages={275--323},
  year={2010},
  publisher={Springer}
}
@article{ward2008asymptotically,
  title={Asymptotically optimal admission control of a queue with impatient customers},
  author={Ward, Amy R and Kumar, Sunil},
  journal={Mathematics of Operations Research},
  volume={33},
  number={1},
  pages={167--202},
  year={2008},
  publisher={INFORMS}
}
@article{aravindakshan2015understanding,
  title={Understanding the memory effects in pulsing advertising},
  author={Aravindakshan, Ashwin and Naik, Prasad A},
  journal={Operations Research},
  volume={63},
  number={1},
  pages={35--47},
  year={2015},
  publisher={INFORMS}
}
@article{kharatishvili1967maximum,
  title={A maximum principle in extremal problems with delays},
  author={Kharatishvili, GL},
  journal={Mathematical Theory of Control},
  pages={26--34},
  year={1967},
  publisher={Academic Press New York}
}
@inproceedings{avrani1997optimal,
  title={Optimal control of fluid limits of queuing networks and stochasticity corrections},
  author={Avrani, Florin},
  booktitle={Mathematics of Stochastic Manufacturing Systems: AMS-SIAM Summer Seminar in Applied Mathematics, June 17-22, 1996, Williamsburg, Virginia},
  volume={33},
  pages={1},
  year={1997},
  organization={American Mathematical Soc.}
}

@article{rosberg1982optimal,
  title={Optimal control of service in tandem queues},
  author={Rosberg, Zvi and Varaiya, P and Walrand, J},
  journal={IEEE Transactions on Automatic Control},
  volume={27},
  number={3},
  pages={600--610},
  year={1982},
  publisher={IEEE}
}
@article{ghamami2013dynamic,
	title={Dynamic scheduling of a two-server parallel server system with complete resource pooling and reneging in heavy traffic: Asymptotic optimality of a two-threshold policy},
	author={Ghamami, Samim and Ward, Amy R},
	journal={Mathematics of Operations Research},
	volume={38},
	number={4},
	pages={761--824},
	year={2013},
	publisher={INFORMS}
}
@article{george2001dynamic,
  title={Dynamic control of a queue with adjustable service rate},
  author={George, Jennifer M and Harrison, J Michael},
  journal={Operations research},
  volume={49},
  number={5},
  pages={720--731},
  year={2001},
  publisher={INFORMS}
}
@article{harrison1990scheduling,
  title={Scheduling networks of queues: Heavy traffic analysis of a two-station closed network},
  author={Harrison, J Michael and Wein, Lawrence M},
  journal={Operations research},
  volume={38},
  number={6},
  pages={1052--1064},
  year={1990},
  publisher={INFORMS}
}
@article{bassamboo2006design,
  title={Design and control of a large call center: Asymptotic analysis of an LP-based method},
  author={Bassamboo, Achal and Harrison, J Michael and Zeevi, Assaf},
  journal={Operations Research},
  volume={54},
  number={3},
  pages={419--435},
  year={2006},
  publisher={INFORMS}
}

@article{harrison2000brownian,
  title={Brownian models of open processing networks: Canonical representation of workload},
  author={Harrison, J Michael},
  journal={Annals of Applied Probability},
  pages={75--103},
  year={2000},
  publisher={JSTOR}
}
@article{harrison1999heavy,
  title={Heavy traffic resource pooling in parallel-server systems},
  author={Harrison, J Michael and L{\'o}pez, Marcel J},
  journal={Queueing systems},
  volume={33},
  number={4},
  pages={339--368},
  year={1999},
  publisher={Springer}
}
@article{bauerle2002optimal,
  title={Optimal control of queueing networks: An approach via fluid models},
  author={B{\"a}uerle, Nicole},
  journal={Advances in Applied Probability},
  volume={34},
  number={2},
  pages={313--328},
  year={2002},
  publisher={Cambridge University Press}
}
@article{ghamami2013dynamic,
	title={Dynamic scheduling of a two-server parallel server system with complete resource pooling and reneging in heavy traffic: Asymptotic optimality of a two-threshold policy},
	author={Ghamami, Samim and Ward, Amy R},
	journal={Mathematics of Operations Research},
	volume={38},
	number={4},
	pages={761--824},
	year={2013},
	publisher={INFORMS}
}
@article{wijngaard1986forward,
	title={Forward recursion for Markov decision processes with skip-free-to-the-right transitions, part I: theory and algorithm},
	author={Wijngaard, Jacob and Stidham Jr, Shaler},
	journal={Mathematics of Operations Research},
	volume={11},
	number={2},
	pages={295--308},
	year={1986},
	publisher={INFORMS}
}
@article{wijngaard2000forward,
	title={Forward recursion for markov decision processes with skip-free-to-the-right transitions part ii: non-standard applications},
	author={Wijngaard, J and Stidham, S},
	journal={Statistica Neerlandica},
	volume={54},
	number={2},
	pages={160--174},
	year={2000},
	publisher={Wiley Online Library}
}
@article{jo1989lagrangian,
	title={A Lagrangian algorithm for computing the optimal service rates in Jackson queuing networks},
	author={Jo, Kyung Y},
	journal={Computers \& operations research},
	volume={16},
	number={5},
	pages={431--440},
	year={1989},
	publisher={Elsevier}
}
@article{jackson1957networks,
	title={Networks of waiting lines},
	author={Jackson, James R},
	journal={Operations research},
	volume={5},
	number={4},
	pages={518--521},
	year={1957},
	publisher={INFORMS}
}

@article{yao1989decentralized,
	title={Decentralized control of service rates in a closed Jackson network},
	author={Yao, David D and Schechner, Zvi},
	journal={IEEE Transactions on Automatic Control},
	volume={34},
	number={2},
	pages={236--240},
	year={1989},
	publisher={IEEE}
}
@article{buzacott1986queueing,
	title={On queueing network models of flexible manufacturing systems},
	author={Buzacott, John A and Yao, David D.},
	journal={Queueing Systems},
	volume={1},
	number={1},
	pages={5--27},
	year={1986},
	publisher={Springer}
}
@article{gordon1967closed,
	title={Closed queueing systems with exponential servers},
	author={William J. Gordon and Gordon F. Newell},
	journal={Operation Research},
	volume={15},
	number={2},
	pages={145--155},
	year={1967}
}
@book{kelly2011reversibility,
	title={Reversibility and stochastic networks},
	author={Kelly, Frank P},
	year={2011},
	publisher={Cambridge University Press}
}
@article{stidham1985optimal,
	title={Optimal control of admission to a queueing system},
	author={Stidham, Shaler},
	journal={IEEE Transactions on Automatic Control},
	volume={30},
	number={8},
	pages={705--713},
	year={1985},
	publisher={IEEE}
}
@article{stidham1993survey,
	title={A survey of Markov decision models for control of networks of queues},
	author={Stidham, Shaler and Weber, Richard},
	journal={Queueing systems},
	volume={13},
	number={1-3},
	pages={291--314},
	year={1993},
	publisher={Springer}
}
@article{weber1987optimal,
	title={Optimal control of service rates in networks of queues},
	author={Weber, Richard R and Stidham, Shaler},
	journal={Advances in applied probability},
	volume={19},
	number={1},
	pages={202--218},
	year={1987},
	publisher={Cambridge University Press}
}
@book{sennott2009stochastic,
	title={Stochastic dynamic programming and the control of queueing systems},
	author={Sennott, Linn I},
	volume={504},
	year={2009},
	publisher={John Wiley \& Sons}
}
@article{ata2006dynamic,
	title={Dynamic control of an M/M/1 service system with adjustable arrival and service rates},
	author={Ata, Bari{\c{s}} and Shneorson, Shiri},
	journal={Management Science},
	volume={52},
	number={11},
	pages={1778--1791},
	year={2006},
	publisher={INFORMS}
}